<record><leader>00000cas a22000007a 4500</leader><controlfield tag="001">33926188</controlfield><controlfield tag="008">951214d192u19uuncuwr ne      0    0eng d</controlfield><datafield ind1=" " ind2=" " tag="010"><subfield code="a">sn 95072332 </subfield></datafield><datafield ind1=" " ind2=" " tag="040"><subfield code="a">NVJ</subfield><subfield code="b">eng</subfield><subfield code="c">NVJ</subfield><subfield code="d">OCLCQ</subfield></datafield><datafield ind1=" " ind2=" " tag="042"><subfield code="a">msc</subfield></datafield><datafield ind1="0" ind2="4" tag="245"><subfield code="a">The Spruce Pine news.</subfield></datafield><datafield ind1=" " ind2=" " tag="260"><subfield code="a">Spruce Pine, N.C. :</subfield><subfield code="b">E.B. Gilbert</subfield></datafield><datafield ind1=" " ind2=" " tag="300"><subfield code="a">v.</subfield></datafield><datafield ind1=" " ind2=" " tag="310"><subfield code="a">Weekly</subfield></datafield><datafield ind1=" " ind2=" " tag="588"><subfield code="a">Description based on: Vol. 7, no. 36 (Oct. 4th, 1934).</subfield></datafield><datafield ind1=" " ind2=" " tag="752"><subfield code="a">United States</subfield><subfield code="b">North Carolina</subfield><subfield code="c">Mitchell</subfield><subfield code="d">Spruce Pine.</subfield></datafield><datafield ind1="0" ind2="7" tag="785"><subfield code="t">Burnsville eagle</subfield><subfield code="w">(DLC)sn 94058273</subfield></datafield><datafield ind1="0" ind2="7" tag="785"><subfield code="t">Tri-county news (Spruce Pine and Burnsville, N.C.)</subfield><subfield code="w">(DLC)sn 95072349</subfield></datafield></record>